<?xml version="1.0" encoding="UTF-8"?><collection xmlns="http://www.loc.gov/MARC21/slim"><record><leader>00386nam--2200145-i-4500</leader><controlfield tag="001">000003876</controlfield><controlfield tag="002">20161230</controlfield><controlfield tag="005">20170209165525</controlfield><controlfield tag="008">060222s1000------------r-----000-0-eng-d</controlfield><datafield ind1=" " ind2=" " tag="100"><subfield code="a">Cudriavtev, V. S</subfield></datafield><datafield ind1=" " ind2=" " tag="245"><subfield code="a">Influenta lubrifiantilor asupra procesului de taiere a cuprului</subfield></datafield><datafield ind1=" " ind2=" " tag="260"><subfield code="a">Bucuresti</subfield><subfield code="b">I.D.T</subfield><subfield code="c">1951</subfield></datafield><datafield ind1=" " ind2=" " tag="300"><subfield code="a">73 p</subfield></datafield><datafield ind1=" " ind2=" " tag="852"><subfield code="a">621.91.07</subfield></datafield><datafield ind1=" " ind2=" " tag="CAT"><subfield code="a">SYS</subfield><subfield code="c">20170209</subfield><subfield code="h">165525</subfield></datafield></record></collection>